% This file was created with JabRef 2.6.
% Encoding: Cp1252

@ARTICLE{CHAOS2009,
  author = {The Standish Group},
  title = {CHAOS Report},
  year = {2009},
  www = {http://www.standishgroup.com}
}

@ARTICLE{ISLAM2009,
  author = {Islam, S.},
  title = {Software Development Risk Management Model - A Goal Driven Approach},
  journal = { Proc. Of ESEC FSE Doctoral Symposium 09 Amsterdam The Netherlands},
  year = {2009},
  pages = {5-8},
  owner = {ACM},
}

@ARTICLE{KESHLAFRIDDLE2010,
  author = {Keshlaf, A., Riddle, S.},
  title = {Risk Management for Web and Distributed Software Development Projects},
  journal = {The Fifth International Conference on Internet Monitoring and Protection},
  year = {2010},
  owner = {IEEE Computer Society},
}

@ARTICLE{HUHUANG2007,
  author = {Hu, Y., Huang, J., Chen, J., Liu, M., Xie, K.},
  title = {Software Project Risk Management Modeling with Neural Network and Support Vector Machine Approaches},
  journal = {Third International Conference on Natural Computation (ICNC)},
  year = {2007},
}


@ARTICLE{ISLAMDONG2008,
  author = {Islam, S., Dong, W.},
  title = {Human factors in software security risk management},
  journal = {In Proceedings of the first international workshop on Leadership and management in software architecture},
  year = {2008},
  owner = {ICSE08},
}

@ARTICLE{WILLIAMS95,
  author = {Williams, T. M.},
  title = {A classified bibliography of recent research relating to project risk management},
  journal = {European Journal of Operational Research},
  year = {1995},
  pages = {18-38},
}

@BOOK{PMBOK2008,
  author = {Project Management Institute},
  title = {A Guide to the Project Management Body of Knowledge},
  year = {2008},
  owner = {Project Management Institute},
}

@ARTICLE{BOEHM1991,
  author = {Boehm, B. W.},
  title = {Software Risk Management: principle and practices},
  journal = {IEEE Software},
  volume = {8},
  year = {1991},
  pages = {32-41},
  timestamp = {Jan, 1991}
}

@REPORT{HIGUERAHAIMES1996,
  author = {Higuera, R. P. e Haimes, Y. Y.},
  title = {Software Risk Management},
  year = {1996},
  owner = {Software Engineering Institute, Carnegie Melon University, USA},
}

@BOOK{SEI2007,
  author = {SEI - Software Engineering Institute},
  title = {CMMI - Capability Maturity Model Integration},
  year = {2007},
  owner = {Pittsburgh, PA, Carnegie Mellon University, USA},
}

@ARTICLE{KENDRICK2003,
  author = {Kendrick, T.},
  title = {Overcoming Project Risk: Lessons from the PERIL Database},
  journal = {Proceedings of PMI Global Congress},
  year = {2003},
  owner = {Project Management Institute, Inc.}
  timestamp = {2003.09.20-23}
}

@BOOK{KEND2003BOOK,
  author = {Kendrick, T.},
  title = {Identifying and Managing Project Risk: Essential Tools for Failure-Proofing your Project},
  year = {2003},
  owner = {AMACOM: New York},
}

@ARTICLE{KENDRICK2008,
  author = {Kendrick, T.},
  title = {Avoiding Back Swans: Managing Risks Using the PERIL DATABASE},
  journal = {Proceedings of PMI Global Congress},
  year = {2008},
  owner = {Project Management Institute, Inc.}
}

@ARTICLE{VIRINE2009,
  author = {Virine, L.},
  title = {Project Risk Analysis: How to Make Better Choices in the Uncertain Times},
  journal = {Proceedings of PMI Global Congress},
  year = {2009},
  owner = {Intaver Institute Inc.}
}

@ARTICLE{PETRI1962,
  author = {Petri, C. A.},
  title = {Kommunikation mut Automaten},
  journal = {PhD thesis, Schriften des IIM Nr. 2, Bonn},
  year = {1962},
}

@ARTICLE{MBEA1995,
  author = {Ajmone Marsan, M., Balbo, G., Conte, G. et al.},
  title = {Modelling with Generalized Stochastic Petri Nets},
  journal = {Wiley series in parallel computing},
  year = {1995},
  owner = {Wiley, New York},
}

@ARTICLE{MCCULLOCKPITTS1943,
  author = {MCCulloch, W., Pitts, W.},
  title = {A logical calculus of ideas immanent in nervous activity},
  journal = {Bulletin of Mathematical Biophisics},
  year = {1943},
  pages = {115-133},
}

@BOOK{HAYKIN2007,
  author = {Haykin, S.},
  title = {Redes Neurais: Princípios e Práticas},
  year = {2007},
  owner = {Bookman}
}


@ARTICLE{OSUNDAHUNSI2012,
  author = {Osundahunsi, A.},
  title = {Effective Project Risk Management Using the Concept of Risk Velocity, Agility and Resiliency},
  journal = {CAMERON International, Houston, TX, USA},
  year = {2012},
  pages = {13},
  owner = {Project Management Institute},
}


@ARTICLE{JIANGCHEN2004,
  author = {Jiang, G., Chen, Y.},
  title = {Coordinate Metrics and Process Model to Manage Software Project Risk},
  journal = {International Engineering Management Conference},
  year = {2004},
  owner = {IEEE},
  ISBN = {0-7803-8519-5/04}
}

@inproceedings{CARDOSO2012,
 author = {Cardoso, F. R. M., Tasinaffo, P. M., Montini, D. A., Fernandes, D. D., da Cunha, A. M., Dias, L. A V.},
 title = {A Formal Control Model for Risks Management within Software Projects},
 booktitle = {Proceedings of the 2012 Ninth International Conference on Information Technology - New Generations},
 series = {ITNG '12},
 year = {2012},
 isbn = {978-0-7695-4654-4},
 pages = {452--457},
 numpages = {6},
 url = {http://dx.doi.org/10.1109/ITNG.2012.105},
 doi = {10.1109/ITNG.2012.105},
 acmid = {2311295},
 publisher = {IEEE Computer Society},
 address = {Washington, DC, USA},
 keywords = {Software Project Risks Management, Petri Nets, Capability Maturity Model Integration for Development - CMMIDEV, Formal Methods, Management Information System},
} 

@ARTICLE{BENCHMARK2009,
  author = {Project Management Institute},
  title = {Relatorio Principal Perspectiva Geral Estudo de Benchmarking em Gerenciamento de Projetos},
  year = {2009},
  owner = {Project Management Institute, Inc.},
}

@ARTICLE{PRACTICESTANDARD2009,
  author = {Project Management Institute},
  title = {Practice Standard for Project Risk Management},
  year = {2009},
  ISBN = {978-1-933890-38-8}
  publisher = {Project Management Institute, Inc.}
  address = {Newtown Square, Pennsylvania 19073-3299 USA},
}

@inproceedings{HirelTT00,
  title = {SPNP: Stochastic Petri Nets. Version 6.0},
  author = {Christophe Hirel and Bruno Tuffin and Kishor S. Trivedi},
  year = {2000},
  doi = {http://springerlink.metapress.com/openurl.asp?genre=article&amp;issn=0302-9743&amp;volume=1786&amp;spage=0354},
  researchr = {http://researchr.org/publication/HirelTT00},
  cites = {0},
  citedby = {0},
  pages = {354-357},
  booktitle = {Computer Performance Evaluation: Modelling Techniques and Tools, 11th International Conference, TOOLS 2000, Schaumburg, IL, USA, March 27-31, 2000, Proceedings},
  editor = {Boudewijn R. Haverkort and Henrik C. Bohnenkamp and Connie U. Smith},
  volume = {1786},
  series = {Lecture Notes in Computer Science},
  publisher = {Springer},
  isbn = {3-540-67260-5},
}

@inproceedings{MURILO2007,
 author = {Fernandes, S. M. M.},
 title = {Avaliação de Dependabilidade de Sistemas com Mecanismos Tolerantes a Falha: Desenvolvimento de um Método Híbrido Baseado em EDSPN e Diagrama de Blocos},
 year = {2007},
 publisher = {PhD Thesis}
 keywords = {Tolerância a Falhas, Dependabilidade, Modelos estocásticos, EDSPN},
}

@article{Hu2012,
 title = "An integrative framework for intelligent software project risk planning ",
 journal = "Decision Support Systems ",
 volume = "",
 number = "0",
 pages = " - ",
 year = "2012",
 note = "",
 issn = "0167-9236",
 doi = "http://dx.doi.org/10.1016/j.dss.2012.12.029",
 url = "http://www.sciencedirect.com/science/article/pii/S0167923612003958",
 author = "Yong Hu and Jianfeng Du and Xiangzhou Zhang and Xiaoling Hao and E.W.T. Ngai and Ming Fan and Mei Liu",
 keywords = "Decision support systems",
 keywords = "Software project risk analysis and planning",
 keywords = "Actionable knowledge discovery",
 keywords = "Social media platform project "
}

@article{bannerman2008risk,
  title={Risk and risk management in software projects: A reassessment},
  author={Bannerman, Paul L},
  journal={Journal of Systems and Software},
  volume={81},
  number={12},
  pages={2118--2133},
  year={2008},
  publisher={Elsevier}
}

@article{KPMG2005,
  title={Global IT Project Management Survey},
  author={KPMG},
  publisher={KPMG Australia},
  year={2005},
}

@book{williams1999software,
  title={Software Risk Evaluation (SRE) Method Description: Version 2.0},
  author={Williams, Ray C and Pandelios, George J and Behrens, Sandra G},
  year={1999},
  publisher={Carnegie Mellon University, Software Engineering Institute}
}

@book{chapman1996project,
  title={Project risk management: processes, techniques and insights},
  author={Chapman, Chris and Ward, Stephen},
  year={1996},
  publisher={John Wiley}
}

@article{fairley1994risk,
  title={Risk management for software projects},
  author={Fairley, Richard},
  journal={Software, IEEE},
  volume={11},
  number={3},
  pages={57--67},
  year={1994},
  publisher={IEEE}
}

@article{bandyopadhyay1999framework,
  title={A framework for integrated risk management in information technology},
  author={Bandyopadhyay, Kakoli and Mykytyn, Peter P and Mykytyn, Kathleen},
  journal={Management Decision},
  volume={37},
  number={5},
  pages={437--445},
  year={1999},
  publisher={MCB UP Ltd}
}

@article{holzmann2011developing,
  title={Developing risk breakdown structure for information technology organizations},
  author={Holzmann, Vered and Spiegler, Israel},
  journal={International Journal of Project Management},
  volume={29},
  number={5},
  pages={537--546},
  year={2011},
  publisher={Elsevier}
}

@article{geist1990reliability,
  title={Reliability estimation of fault-tolerant systems: Tools and techniques},
  author={Geist, Robert and Trivedi, Kishor S.},
  journal={Computer},
  volume={23},
  number={7},
  pages={52--61},
  year={1990},
  publisher={IEEE}
}

@book{Haimes2009,
  title = {{Risk Modeling, Assesment and Management}},
  author = {Haimes, Yacov Y(University of Virginia)},
  edition = {3rd Edition},
  isbn = {9780470282373},
  keywords = {Case Study,Risk Assesment,Risk Management,Technology},
  mendeley-tags = {Case Study,Risk Assesment,Risk Management,Technology},
  pages = {994},
  publisher = {John Wiley \& Sons, Inc.},
  year = {2009}
}

@book{jensen2007bayesian,
  title={Bayesian networks and decision graphs},
  author={Jensen, Finn Verner and Nielsen, Thomas Dyhre},
  year={2007},
  publisher={Springer}
}

@article{neal1993probabilistic,
  title={Probabilistic inference using Markov chain Monte Carlo methods},
  author={Neal, Radford M},
  year={1993},
  publisher={Department of Computer Science, University of Toronto Toronto, Ontario, Canada}
}

@book{jensen1996introduction,
  title={An introduction to Bayesian networks},
  author={Jensen, Finn V},
  volume={210},
  year={1996},
  publisher={UCL press London}
}

@article{fenton2007predicting,
  title={Predicting software defects in varying development lifecycles using Bayesian nets},
  author={Fenton, Norman and Neil, Martin and Marsh, William and Hearty, Peter and Marquez, David and Krause, Paul and Mishra, Rajat},
  journal={Information and Software Technology},
  volume={49},
  number={1},
  pages={32--43},
  year={2007},
  publisher={Elsevier}
}

@article{li2012integrated,
  title={An integrated risk measurement and optimization model for trustworthy software process management},
  author={Li, Jianping and Li, Minglu and Wu, Dengsheng and Song, Hao},
  journal={Information Sciences},
  volume={191},
  pages={47--60},
  year={2012},
  publisher={Elsevier}
}

@book{schmucker1984fuzzy,
  title={Fuzzy sets, natural language computations, and risk analysis},
  author={Schmucker, Kurt J},
  year={1984},
  publisher={Computer Science Press Rockville, MD}
}

@article{ngai2005fuzzy,
  title={Fuzzy decision support system for risk analysis in e-commerce development},
  author={Ngai, Eric WT and Wat, FKT},
  journal={Decision support systems},
  volume={40},
  number={2},
  pages={235--255},
  year={2005},
  publisher={Elsevier}
}

@inproceedings{yu2009application,
  title={The application of fault tree analysis in software project risk management},
  author={Yu, Benhai and Zhang, Jinlong and others},
  booktitle={Management and Service Science, 2009. MASS'09. International Conference on},
  pages={1--4},
  year={2009},
  organization={IEEE}
}

@article{kwak2007exploring,
  title={Exploring Monte Carlo simulation applications for project management},
  author={Kwak, Young Hoon and Ingall, Lisa},
  journal={Risk Management},
  volume={9},
  number={1},
  pages={44--57},
  year={2007},
  publisher={Nature Publishing Group}
}

@article{valenca2005aplicando,
  title={Aplicando redes neurais: um guia completo},
  author={Valença, M. J. S.},
  journal={Livro Rápido, Olinda--PE},
  year={2005}
}

@article{stepanova2002survival,
  title={Survival analysis methods for personal loan data},
  author={Stepanova, Maria and Thomas, Lyn},
  journal={Operations Research},
  volume={50},
  number={2},
  pages={277--289},
  year={2002},
  publisher={INFORMS}
}

@article{bonini2013,
  title = {The survival analysis approach in Basel II credit risk management: modeling danger rates in the loss given default parameter},
  author={Bonini, Stephano and Caivano, Giuliana},
  journal={Journal of Credit Risk},
  volume={9},
  number={1},
  pages={101--118},
  year={2013},
  publisher={Risk.net}
}

@article{geist1990reliability,
  title={Reliability estimation of fault-tolerant systems: Tools and techniques},
  author={Geist, Robert and Trivedi, Kishor S.},
  journal={Computer},
  volume={23},
  number={7},
  pages={52--61},
  year={1990},
  publisher={IEEE}
}

@article{german1995timenet,
  title={TimeNET: a toolkit for evaluating non-Markovian stochastic Petri nets},
  author={German, Reinhard and Kelling, Christian and Zimmermann, Armin and Hommel, G{\"u}nter},
  journal={Performance Evaluation},
  volume={24},
  number={1},
  pages={69--87},
  year={1995},
  publisher={Elsevier}
}

@inproceedings{ciardo1989spnp,
  title={SPNP: stochastic Petri net package},
  author={Ciardo, Gianfranco and Muppala, Jogesh and Trivedi, Kishor},
  booktitle={Petri Nets and Performance Models, 1989. PNPM89., Proceedings of the Third International Workshop on},
  pages={142--151},
  year={1989},
  organization={IEEE}
}

@article{hall2009weka,
  title={The WEKA data mining software: an update},
  author={Hall, Mark and Frank, Eibe and Holmes, Geoffrey and Pfahringer, Bernhard and Reutemann, Peter and Witten, Ian H},
  journal={ACM SIGKDD Explorations Newsletter},
  volume={11},
  number={1},
  pages={10--18},
  year={2009},
  publisher={ACM}
}

@comment{jabref-meta: selector_publisher:}

@comment{jabref-meta: selector_author:}

@comment{jabref-meta: selector_journal:}

@comment{jabref-meta: selector_keywords:}

