@techreport{higuera1996software,
  title={Software Risk Management.},
  author={Higuera, Ronald P and Haimes, Yacov Y},
  year={1996},
  institution={DTIC Document}
}

@BOOK{PMBOK2008,
  author = {Project Management Institute},
  title = {A Guide to the Project Management Body of Knowledge},
  year = {2008},
  owner = {Project Management Institute},
}

@ARTICLE{BOEHM1991,
  author = {Boehm, B. W.},
  title = {Software Risk Management: principle and practices},
  journal = {IEEE Software},
  volume = {8},
  year = {1991},
  pages = {32-41},
  timestamp = {Jan, 1991}
}

@article{kwak2004project,
  title={Project risk management: lessons learned from software development environment},
  author={Kwak, YH and Stoddard, J},
  journal={Technovation},
  volume={24},
  number={11},
  pages={915--920},
  year={2004},
  publisher={Elsevier}
}

@article{kwak2000calculating,
  title={Calculating project management's return on investment},
  author={Kwak, Young Hoon and Ibbs, C William},
  journal={Project Management Journal},
  volume={31},
  number={2},
  pages={38--47},
  year={2000},
  publisher={PROJECT MANAGEMENT INSTITUTE}
}

@article{schmidt2001identifying,
  title={Identifying software project risks: an international Delphi study},
  author={Schmidt, Roy and Lyytinen, Kalle and Keil, Mark and Cule, Paul},
  journal={Journal of management information systems},
  volume={17},
  number={4},
  pages={5--36},
  year={2001},
  publisher={ME Sharpe}
}

@manual{Ibbotson2005,
    author = {Ibbotson Product Support},
    note = {IbbotsonAssociates, 225 North Michigan Avenue Suite 700 Chicago, IL 60601-7676},
    title = {Monte Carlo Simulation},
    year = {2005},
    url = {http://advisor.morningstar.com/Principia/pdf/Monte%20carlo%20White%20Paper%20Ibbotson.pdf}
}

@book{haykin1994neural,
  title={Neural networks: a comprehensive foundation},
  author={Haykin, Simon},
  year={1994},
  publisher={Prentice Hall PTR}
}

@book{kendrick2003identifying,
  title={Identifying and managing project risk: essential tools for failure-proofing your project},
  author={Kendrick, Tom},
  year={2003},
  publisher={Amacom: New York}
}

@ARTICLE{KENDRICK2003overcoming,
  author = {Kendrick, T.},
  title = {Overcoming Project Risk: Lessons from the PERIL Database},
  journal = {Proceedings of PMI Global Congress},
  year = {2003},
  owner = {Project Management Institute, Inc.}
  timestamp = {2003.09.20-23}
}

@ARTICLE{KENDRICK2008avoiding,
  author = {Kendrick, T.},
  title = {Avoiding Back Swans: Managing Risks Using the PERIL DATABASE},
  journal = {Proceedings of PMI Global Congress},
  year = {2008},
  owner = {Project Management Institute, Inc.}
}

@article{bannerman2008risk,
  title={Risk and risk management in software projects: A reassessment},
  author={Bannerman, Paul L},
  journal={Journal of Systems and Software},
  volume={81},
  number={12},
  pages={2118--2133},
  year={2008},
  publisher={Elsevier}
}

@article{budzier2013double,
  title={Double Whammy-How ICT Projects are Fooled by Randomness and Screwed by Political Intent},
  author={Budzier, Alexander and Flyvbjerg, Bent},
  journal={arXiv preprint arXiv:1304.4590},
  year={2013}
}

@ARTICLE{CHAOS2009,
  author = {The Standish Group},
  title = {CHAOS Report},
  year = {2009},
  www = {http://www.standishgroup.com}
}

@book{haimes2011risk,
  title={Risk modeling, assessment, and management},
  author={Haimes, Yacov Y},
  year={2011},
  publisher={John Wiley \& Sons}
}

@article{kwak2007exploring,
  title={Exploring Monte Carlo simulation applications for project management},
  author={Kwak, Young Hoon and Ingall, Lisa},
  journal={Risk Management},
  volume={9},
  number={1},
  pages={44--57},
  year={2007},
  publisher={Nature Publishing Group}
}

@article{siegel1956nonparametric,
  title={Nonparametric statistics for the behavioral sciences.},
  author={Siegel, Sidney},
  year={1956},
  publisher={McGraw-Hill}
}

@article{linlee1996neuralfuzzy,
	title={Neural Fuzzy Systems: A Neuro-fuzzy Synergism to Intelligent Systems},
	author={Lin, C.T., Lee, C.S.G.},
	year={1996},
	publisher={PTR Prentice Hall, Upper Sadle River, N.J.}
}

@book{haykin1994neural,
  title={Neural networks: a comprehensive foundation},
  author={Haykin, Simon},
  year={1994},
  publisher={Prentice Hall PTR}
}

@article{amari1996new,
  title={A new learning algorithm for blind signal separation},
  author={Amari, Shun-ichi and Cichocki, Andrzej and Yang, Howard Hua and others},
  journal={Advances in neural information processing systems},
  pages={757--763},
  year={1996},
  publisher={Citeseer}
}

@article{amari1996statistical,
  title={Statistical theory of overtraining-Is cross-validation asymptotically effective?},
  author={Amari, S and Murata, Noboru and M{\"u}ller, Klaus-Robert and Finke, Michael and Yang, H},
  journal={Advances in neural information processing systems},
  pages={176--182},
  year={1996},
  publisher={MORGAN KAUFMANN PUBLISHERS}
}

@book{taleb2001fooled,
  title={Fooled by randomness},
  author={Taleb, N.},
  year={2001},
  publisher={Nwe York: Random House}
}

@article{hall2009weka,
  title={The WEKA data mining software: an update},
  author={Hall, Mark and Frank, Eibe and Holmes, Geoffrey and Pfahringer, Bernhard and Reutemann, Peter and Witten, Ian H},
  journal={ACM SIGKDD Explorations Newsletter},
  volume={11},
  number={1},
  pages={10--18},
  year={2009},
  publisher={ACM}
}

@article{valenca2005aplicando,
  title={Aplicando redes neurais: um guia completo},
  author={Valenca, M. J. S.},
  journal={Livro Rapido, Olinda--PE},
  year={2005}
}

@misc{venables2002introduction,
  title={An introduction to R},
  author={Venables, William N and Smith, David M and R Development Core Team},
  year={2002},
  publisher={Network Theory}
}

@article{torgo2003data,
  title={Data Mining with R},
  author={Torgo, Luis},
  journal={Learning by case studies. University of Porto, LIACC-FEP. URL: http://www. liacc. up. pt/ltorgo/DataMiningWithR/. Accessed on},
  volume={7},
  number={09},
  year={2003}
}

@inproceedings{Shevade1999,
    author = {S.K. Shevade and S.S. Keerthi and C. Bhattacharyya and K.R.K. Murthy},
    booktitle = {IEEE Transactions on Neural Networks},
    title = {Improvements to the SMO Algorithm for SVM Regression},
    year = {1999},
    PS = {http://guppy.mpe.nus.edu.sg/\~mpessk/svm/ieee_smo_reg.ps.gz}
 }
 
@techreport{Smola1998,
    author = {A.J. Smola and B. Schoelkopf},
    note = {NeuroCOLT2 Technical Report NC2-TR-1998-030},
    title = {A tutorial on support vector regression},
    year = {1998}
}

@book{han2006data,
  title={Data mining: concepts and techniques},
  author={Han, Jiawei and Kamber, Micheline and Pei, Jian},
  year={2006},
  publisher={Morgan kaufmann}
}

@book{priddy2005artificial,
  title={Artificial Neural Networks: An introduction},
  author={Priddy, Kevin L and Keller, Paul E},
  volume={68},
  year={2005},
  publisher={SPIE Press}
}

@techreport{rumelhart1985learning,
  title={Learning internal representations by error propagation},
  author={Rumelhart, David E and Hinton, Geoffrey E and Williams, Ronald J},
  year={1985},
  institution={DTIC Document}
}

@article{kwak2007exploring,
  title={Exploring Monte Carlo simulation applications for project management},
  author={Kwak, Young Hoon and Ingall, Lisa},
  journal={Risk Management},
  volume={9},
  number={1},
  pages={44--57},
  year={2007},
  publisher={Nature Publishing Group}
}

@inproceedings{hu2007software,
  title={Software project risk management modeling with neural network and support vector machine approaches},
  author={Hu, Yong and Huang, Jiaxing and Chen, Juhua and Liu, Mei and Xie, Kang},
  booktitle={Natural Computation, 2007. ICNC 2007. Third International Conference on},
  volume={3},
  pages={358--362},
  year={2007},
  organization={IEEE}
}

@article{yu2011software,
  title={Software Project Risk Assessment Model Based on Fuzzy Theory},
  author={Yu, PEI},
  journal={Computer Knowledge and Technology},
  volume={16},
  pages={049},
  year={2011}
}

@inproceedings{saxena2012software,
  title={Software effort estimation using Neuro-fuzzy approach},
  author={Saxena, Urvashi Rahul and Singh, SP},
  booktitle={Software Engineering (CONSEG), 2012 CSI Sixth International Conference on},
  pages={1--6},
  year={2012},
  organization={IEEE}
}

@inproceedings{dan2013improving,
  title={Improving the accuracy in software effort estimation: Using artificial neural network model based on particle swarm optimization},
  author={Dan, Zhang},
  booktitle={Service Operations and Logistics, and Informatics (SOLI), 2013 IEEE International Conference on},
  pages={180--185},
  year={2013},
  organization={IEEE}
}

@inproceedings{dzega2010classification,
  title={Classification and metaclassification in large scale data mining application for estimation of software projects},
  author={Dzega, Dorota and Pietruszkiewicz, Wieslaw},
  booktitle={Cybernetic Intelligent Systems (CIS), 2010 IEEE 9th International Conference on},
  pages={1--6},
  year={2010},
  organization={IEEE}
}

@inproceedings{huang2004neuro,
  title={A neuro-fuzzy tool for software estimation},
  author={Huang, Xishi and Ho, Danny and Ren, Jing and Capretz, Luiz Fernando},
  booktitle={Software Maintenance, 2004. Proceedings. 20th IEEE International Conference on},
  pages={520},
  year={2004},
  organization={IEEE}
}

@inproceedings{attarzadeh2010novel,
  title={A novel soft computing model to increase the accuracy of software development cost estimation},
  author={Attarzadeh, Iman and Ow, Siew Hock},
  booktitle={Computer and Automation Engineering (ICCAE), 2010 The 2nd International Conference on},
  volume={3},
  pages={603--607},
  year={2010},
  organization={IEEE}
}

@article{lazzerini2011analyzing,
  title={Analyzing risk impact factors using extended fuzzy cognitive maps},
  author={Lazzerini, Beatrice and Mkrtchyan, Lusine},
  journal={Systems Journal, IEEE},
  volume={5},
  number={2},
  pages={288--297},
  year={2011},
  publisher={IEEE}
}