@Article{KennedyEberhart,
author = {Kennedy, J.; Eberhart, R.},
title = {Particle Swarm Optimization},
journal = {Proceedings of IEEE International Conference on Neural Networks},
year = {1995},
OPTvolume = {IV},
OPTpages = {1942-1948},
}
@article{ClercKennedy,
author = {Clerc, M.; Kennedy, J.},
title = {The particle swarm - explosion, stability, and convergence in a multidimensional complex space},
journal = {IEEE Transactions on Evolutionary Computation},
year = {2002},
OPTvolume = {1},
OPTnumber = {6},
OPTpages = {58-73},
}
@article{SantanaPontes,
author = {R.A. Santana and M.R. Pontes and C.J.A. Bastos-Filho},
title = {A Multiple Objective Particle Swarm Optimization Approach Using Crowding Distance and Roulette Wheel},
journal ={Intelligent Systems Design and Applications, International Conference on},
volume = {0},
isbn = {978-0-7695-3872-3},
year = {2009},
pages = {237-242},
doi = {http://doi.ieeecomputersociety.org/10.1109/ISDA.2009.73},
publisher = {IEEE Computer Society},
address = {Los Alamitos, CA, USA},
}
@article{TomKendrick,
author = {Kendrick, Tom},
title = {Identifying and Managing Project Risk},
volume = {2},
year = {2009},
publisher = {AMACOM},
address = {New York, NY, USA},
}